@book{aho1985,
  title={Compilers: Principles, Techniques, and Tools},
  author={Aho, Alfred V and Sethi, Ravi and Ullman, Jeffrey D},
  year={1985},
  publisher={Addison Wesley}
}